<collection xmlns="http://www.loc.gov/MARC21/slim">
<record>
  <leader>00974nam0a22002291i 450 </leader>
  <controlfield tag="001">IT\ICCU\CNCE\057578</controlfield>
  <controlfield tag="005">20040421000000.0</controlfield>
  <datafield tag="100" ind1=" " ind2=" ">
    <subfield code="a">20040421f1509        0itac0103    ba</subfield>
  </datafield>
  <datafield tag="101" ind1=" " ind2=" ">
    <subfield code="a">ITA</subfield>
  </datafield>
  <datafield tag="102" ind1=" " ind2=" ">
    <subfield code="a">IT</subfield>
  </datafield>
  <datafield tag="200" ind1="1" ind2=" ">
    <subfield code="a">Tutti li mali deportamenti de Franciosi fato \!! in Italia</subfield>
  </datafield>
  <datafield tag="210" ind1=" " ind2=" ">
    <subfield code="d">\1509!</subfield>
  </datafield>
  <datafield tag="215" ind1=" " ind2=" ">
    <subfield code="a">2 col., \2! c.</subfield>
    <subfield code="d">4ʻ</subfield>
  </datafield>
  <datafield tag="300" ind1=" " ind2=" ">
    <subfield code="a">Stampato a Milano da Alessandro Pelizzoni; per la data e il tipografo cfr. E. Sandal, Editori e tipografi a Milano nel Cinquecento, v.I, n. 82</subfield>
  </datafield>
  <datafield tag="620" ind1=" " ind2=" ">
    <subfield code="a">IT</subfield>
    <subfield code="d">Milano</subfield>
  </datafield>
  <datafield tag="712" ind1="0" ind2="0">
    <subfield code="a">Pellizzoni, Alessandro</subfield>
    <subfield code="3">IT\ICCU\CNCT\000997</subfield>
    <subfield code="4">650</subfield>
  </datafield>
  <datafield tag="791" ind1="0" ind2="0">
    <subfield code="a">Pelizono, Alexandro</subfield>
    <subfield code="3">IT\ICCU\CNCT\002477</subfield>
    <subfield code="z">Pellizzoni, Alessandro</subfield>
  </datafield>
  <datafield tag="791" ind1="0" ind2="0">
    <subfield code="a">Pilizonus, Alexander</subfield>
    <subfield code="3">IT\ICCU\CNCT\004032</subfield>
    <subfield code="z">Pellizzoni, Alessandro</subfield>
  </datafield>
  <datafield tag="791" ind1="0" ind2="0">
    <subfield code="a">Pellizonus, Alexander</subfield>
    <subfield code="3">IT\ICCU\CNCT\005354</subfield>
    <subfield code="z">Pellizzoni, Alessandro</subfield>
  </datafield>
  <datafield tag="791" ind1="0" ind2="0">
    <subfield code="a">Pelizonus, Alexander</subfield>
    <subfield code="3">IT\ICCU\CNCT\005355</subfield>
    <subfield code="z">Pellizzoni, Alessandro</subfield>
  </datafield>
  <datafield tag="801" ind1=" " ind2="3">
    <subfield code="a">IT</subfield>
    <subfield code="b">ICCU</subfield>
    <subfield code="c">20201115</subfield>
  </datafield>
  <datafield tag="899" ind1=" " ind2=" ">
    <subfield code="a">British Library. London</subfield>
    <subfield code="1">UK0001</subfield>
  </datafield>
</record>
</collection>
